% -----
% BOOKS
% -----

% ------
% PAPERS
% ------


% ---------------
% MISC. DOCUMENTS
% ---------------


% -----------------
% ONLINE RESSOURCES
% -----------------

@misc{UnrealEngineSpecs,
  title = {Hardware and {{Software Specifications}}},
  abstract = {Minimum and recommended hardware specifications and necessary software for developing with Unreal Engine.},
  language = {english},
  howpublished = {\url{https://docs.unrealengine.com/en-US/GettingStarted/RecommendedSpecifications/index.html}},
  file = {/home/jonas/Zotero/storage/MXABLJYG/index.html}
}


@misc{KitBib,
  type = {{Text}},
  title = {{KIT-Bibliothek}},
  copyright = {Alle Rechte liegen beim Autor siehe Impressum},
  language = {english},
  howpublished = {\url{https://www.bibliothek.kit.edu/cms/index.php}},
  author = {{Webredaktion der KIT-Bibliothek}},
  month = sep,
  year = {2019},
  file = {/home/jonas/Zotero/storage/SJ66LYX5/index.html}
}

